<record xmlns="http://www.loc.gov/MARC21/slim">
   <leader>01942nam a2200493 i 4500</leader>
   <controlfield tag="001">6805251</controlfield>
   <controlfield tag="003">CaONFJC</controlfield>
   <controlfield tag="005">20150206093539.0</controlfield>
   <controlfield tag="006">m        d        </controlfield>
   <controlfield tag="007">cr||n|||||||||</controlfield>
   <controlfield tag="008">141203s2015    enk     ob    001 0 eng d</controlfield>
   <datafield ind1=" " ind2=" " tag="020">
      <subfield code="a">9780199385539</subfield>
      <subfield code="q">electronic bk.</subfield>
   </datafield>
   <datafield ind1=" " ind2=" " tag="020">
      <subfield code="a">019938553X</subfield>
      <subfield code="q">electronic bk.</subfield>
   </datafield>
   <datafield ind1=" " ind2=" " tag="020">
      <subfield code="a">9780199385522</subfield>
   </datafield>
   <datafield ind1=" " ind2=" " tag="020">
      <subfield code="a">0199385521</subfield>
   </datafield>
   <datafield ind1=" " ind2=" " tag="020">
      <subfield code="a">9781322339627 (MyiLibrary)</subfield>
   </datafield>
   <datafield ind1=" " ind2=" " tag="035">
      <subfield code="a">ocn897379046</subfield>
   </datafield>
   <datafield ind1=" " ind2=" " tag="037">
      <subfield code="a">665244</subfield>
      <subfield code="b">MIL</subfield>
   </datafield>
   <datafield ind1=" " ind2=" " tag="039">
      <subfield code="a">exclude</subfield>
   </datafield>
   <datafield ind1=" " ind2=" " tag="040">
      <subfield code="a">CaONFJC</subfield>
      <subfield code="c">CaONFJC</subfield>
      <subfield code="e">rda</subfield>
      <subfield code="d">AEU</subfield>
   </datafield>
   <datafield ind1=" " ind2=" " tag="043">
      <subfield code="a">n-us---</subfield>
   </datafield>
   <datafield ind1=" " ind2="4" tag="050">
      <subfield code="a">KF294.F43</subfield>
      <subfield code="b">H65 2015eb</subfield>
   </datafield>
   <datafield ind1=" " ind2="7" tag="072">
      <subfield code="a">LAW</subfield>
      <subfield code="x">001000</subfield>
      <subfield code="2">bisacsh</subfield>
   </datafield>
   <datafield ind1="0" ind2="4" tag="082">
      <subfield code="a">349.7306</subfield>
      <subfield code="2">23</subfield>
   </datafield>
   <datafield ind1=" " ind2=" " tag="090">
      <subfield code="a">Internet Access</subfield>
      <subfield code="b">AEU</subfield>
   </datafield>
   <datafield ind1="1" ind2=" " tag="100">
      <subfield code="a">Hollis-Brusky, Amanda,</subfield>
      <subfield code="e">author.</subfield>
   </datafield>
   <datafield ind1="1" ind2="0" tag="245">
      <subfield code="a">Ideas with consequences</subfield>
      <subfield code="h">[electronic resource] :</subfield>
      <subfield code="b">the Federalist Society and the conservative counterrevolution /</subfield>
      <subfield code="c">Amanda Hollis-Brusky.</subfield>
   </datafield>
   <datafield ind1=" " ind2="1" tag="264">
      <subfield code="a">Oxford :</subfield>
      <subfield code="b">Oxford University Press,</subfield>
      <subfield code="c">2015.</subfield>
   </datafield>
   <datafield ind1=" " ind2=" " tag="300">
      <subfield code="a">1 online resource.</subfield>
   </datafield>
   <datafield ind1=" " ind2=" " tag="336">
      <subfield code="a">text</subfield>
      <subfield code="b">txt</subfield>
      <subfield code="2">rdacontent</subfield>
   </datafield>
   <datafield ind1=" " ind2=" " tag="337">
      <subfield code="a">computer</subfield>
      <subfield code="b">c</subfield>
      <subfield code="2">rdamedia</subfield>
   </datafield>
   <datafield ind1=" " ind2=" " tag="338">
      <subfield code="a">online resource</subfield>
      <subfield code="b">cr</subfield>
      <subfield code="2">rdacarrier</subfield>
   </datafield>
   <datafield ind1="1" ind2=" " tag="490">
      <subfield code="a">Studies in postwar American political development</subfield>
   </datafield>
   <datafield ind1=" " ind2=" " tag="504">
      <subfield code="a">Includes bibliographical references and index.</subfield>
   </datafield>
   <datafield ind1=" " ind2=" " tag="506">
      <subfield code="a">Access restricted to authorized users and institutions.</subfield>
   </datafield>
   <datafield ind1=" " ind2=" " tag="588">
      <subfield code="a">Description based on print version record.</subfield>
   </datafield>
   <datafield ind1=" " ind2=" " tag="596">
      <subfield code="a">44</subfield>
   </datafield>
   <datafield ind1="2" ind2="0" tag="610">
      <subfield code="a">Federalist Society for Law &amp; Public Policy Studies (U.S.)</subfield>
   </datafield>
   <datafield ind1=" " ind2="0" tag="650">
      <subfield code="a">Law</subfield>
      <subfield code="x">Political aspects</subfield>
      <subfield code="z">United States.</subfield>
   </datafield>
   <datafield ind1=" " ind2="0" tag="650">
      <subfield code="a">Judicial review</subfield>
      <subfield code="z">United States.</subfield>
   </datafield>
   <datafield ind1=" " ind2="0" tag="650">
      <subfield code="a">Conservatism</subfield>
      <subfield code="z">United States.</subfield>
   </datafield>
   <datafield ind1=" " ind2="0" tag="830">
      <subfield code="a">Oxford studies in postwar American political development.</subfield>
   </datafield>
   <datafield ind1="4" ind2="0" tag="856">
      <subfield code="3">University of Alberta Access</subfield>
      <subfield code="u">http://lib.myilibrary.com/detail.asp?ID=665244</subfield>
      <subfield code="x">Perpetual</subfield>
      <subfield code="z">(Single User Access)</subfield>
      <subfield code="z">from MyiLibrary</subfield>
   </datafield>
   <datafield ind1=" " ind2=" " tag="926">
      <subfield code="a">Internet Access</subfield>
      <subfield code="w">LC</subfield>
      <subfield code="c">1</subfield>
      <subfield code="i">6805251-1001</subfield>
      <subfield code="l">INTERNET</subfield>
      <subfield code="m">UAINTERNET</subfield>
      <subfield code="r">Y</subfield>
      <subfield code="s">Y</subfield>
      <subfield code="t">E-RESOURCE</subfield>
      <subfield code="u">2/17/2015</subfield>
      <subfield code="x">E-BOOK</subfield>
      <subfield code="z">PDAOWNED</subfield>
   </datafield>
</record>
